@inproceedings{wang2018fewshotvid2vid,
   author    = {Ting-Chun Wang and Ming-Yu Liu and Andrew Tao and Guilin Liu and Jan Kautz and Bryan Catanzaro},
   title     = {Few-shot Video-to-Video Synthesis},
   booktitle = {Advances in Neural Information Processing Systems (NeurIPS)},   
   year      = {2019},
}
@inproceedings{ijcai2019-129,
  title     = {Talking Face Generation by Conditional Recurrent Adversarial Network},
  author    = {Song, Yang and Zhu, Jingwen and Li, Dawei and Wang, Andy and Qi, Hairong},
  booktitle = {Proceedings of the Twenty-Eighth International Joint Conference on
               Artificial Intelligence, {IJCAI-19}},
  publisher = {International Joint Conferences on Artificial Intelligence Organization},             
  pages     = {919--925},
  year      = {2019},
  month     = {7},
  doi       = {10.24963/ijcai.2019/129},
  url       = {https://doi.org/10.24963/ijcai.2019/129},
}
@inproceedings{chen2019hierarchical,
  title={Hierarchical cross-modal talking face generation with dynamic pixel-wise loss},
  author={Chen, Lele and Maddox, Ross K and Duan, Zhiyao and Xu, Chenliang},
  booktitle={Proceedings of the IEEE Conference on Computer Vision and Pattern Recognition},
  pages={7832--7841},
  year={2019}
}
@article{vougioukas2019realistic,
  title={Realistic Speech-Driven Facial Animation with GANs},
  author={Vougioukas, Konstantinos and Petridis, Stavros and Pantic, Maja},
  journal={arXiv preprint arXiv:1906.06337},
  year={2019}
}
@article{kim2018deep,
  title={Deep video portraits},
  author={Kim, Hyeongwoo and Carrido, Pablo and Tewari, Ayush and Xu, Weipeng and Thies, Justus and Niessner, Matthias and P{\'e}rez, Patrick and Richardt, Christian and Zollh{\"o}fer, Michael and Theobalt, Christian},
  journal={ACM Transactions on Graphics (TOG)},
  volume={37},
  number={4},
  pages={163},
  year={2018},
  publisher={ACM}
}

@Article{Vougioukas2019,
author="Vougioukas, Konstantinos
and Petridis, Stavros
and Pantic, Maja",
title="Realistic Speech-Driven Facial Animation with GANs",
journal="International Journal of Computer Vision",
year="2019",
doi="10.1007/s11263-019-01251-8",
url="https://doi.org/10.1007/s11263-019-01251-8"
}

@inproceedings{bulat2017far,
  title={How far are we from solving the 2D \& 3D Face Alignment problem? (and a dataset of 230,000 3D facial landmarks)},
  author={Bulat, Adrian and Tzimiropoulos, Georgios},
  booktitle={International Conference on Computer Vision},
  year={2017}
}

@inproceedings{huang2017arbitrary,
  title={Arbitrary style transfer in real-time with adaptive instance normalization},
  author={Huang, Xun and Belongie, Serge},
  booktitle={Proceedings of the IEEE International Conference on Computer Vision},
  pages={1501--1510},
  year={2017}
}
@inproceedings{wang2018high,
  title={High-resolution image synthesis and semantic manipulation with conditional gans},
  author={Wang, Ting-Chun and Liu, Ming-Yu and Zhu, Jun-Yan and Tao, Andrew and Kautz, Jan and Catanzaro, Bryan},
  booktitle={Proceedings of the IEEE conference on computer vision and pattern recognition},
  pages={8798--8807},
  year={2018}
}
@inproceedings{mao2017least,
  title={Least squares generative adversarial networks},
  author={Mao, Xudong and Li, Qing and Xie, Haoran and Lau, Raymond YK and Wang, Zhen and Paul Smolley, Stephen},
  booktitle={Proceedings of the IEEE International Conference on Computer Vision},
  pages={2794--2802},
  year={2017}
}
@InProceedings{Simonyan15,
  author       = "Karen Simonyan and Andrew Zisserman",
  title        = "Very Deep Convolutional Networks for Large-Scale Image Recognition",
  booktitle    = "International Conference on Learning Representations",
  year         = "2015",
}

@inproceedings{deng2009imagenet,
  title={Imagenet: A large-scale hierarchical image database},
  author={Deng, Jia and Dong, Wei and Socher, Richard and Li, Li-Jia and Li, Kai and Fei-Fei, Li},
  booktitle={2009 IEEE conference on computer vision and pattern recognition},
  pages={248--255},
  year={2009},
  organization={Ieee}
}

@inproceedings{parkhi2015deep,
  title={Deep face recognition.},
  author={Parkhi, Omkar M and Vedaldi, Andrea and Zisserman, Andrew and others},
  booktitle={bmvc},
  volume={1},
  number={3},
  pages={6},
  year={2015}
}

@InProceedings{Nagrani17,
	author       = "Nagrani, A. and Chung, J.~S. and Zisserman, A.",
	title        = "VoxCeleb: a large-scale speaker identification dataset",
	booktitle    = "INTERSPEECH",
	year         = "2017",
}

@InProceedings{Chung18b,
  author       = "Chung, J.~S. and Nagrani, A. and Zisserman, A.",
  title        = "VoxCeleb2: Deep Speaker Recognition",
  booktitle    = "INTERSPEECH",
  year         = "2018",
}

@InProceedings{Chung16,
  author       = "Chung, J.~S. and Zisserman, A.",
  title        = "Lip Reading in the Wild",
  booktitle    = "Asian Conference on Computer Vision",
  year         = "2016",
}
@inproceedings{zhu2016face,
  title={Face alignment across large poses: A 3d solution},
  author={Zhu, Xiangyu and Lei, Zhen and Liu, Xiaoming and Shi, Hailin and Li, Stan Z},
  booktitle={Proceedings of the IEEE conference on computer vision and pattern recognition},
  pages={146--155},
  year={2016}
}


@inproceedings{KingmaB14,
  author    = {Diederik P. Kingma and
               Jimmy Ba},
  title     = {Adam: {A} Method for Stochastic Optimization},
  booktitle = {3rd International Conference on Learning Representations, {ICLR} 2015,
               San Diego, CA, USA, May 7-9, 2015, Conference Track Proceedings},
  year      = {2015},
  crossref  = {DBLP:conf/iclr/2015},
  url       = {http://arxiv.org/abs/1412.6980},
}

@inproceedings{heusel2017gans,
  title={Gans trained by a two time-scale update rule converge to a local nash equilibrium},
  author={Heusel, Martin and Ramsauer, Hubert and Unterthiner, Thomas and Nessler, Bernhard and Hochreiter, Sepp},
  booktitle={Advances in Neural Information Processing Systems},
  pages={6626--6637},
  year={2017}
}

@article{wang2004image,
  title={Image quality assessment: from error visibility to structural similarity},
  author={Wang, Zhou and Bovik, Alan C and Sheikh, Hamid R and Simoncelli, Eero P and others},
  journal={IEEE transactions on image processing},
  volume={13},
  number={4},
  pages={600--612},
  year={2004}
}

@inproceedings{deng2019arcface,
  title={Arcface: Additive angular margin loss for deep face recognition},
  author={Deng, Jiankang and Guo, Jia and Xue, Niannan and Zafeiriou, Stefanos},
  booktitle={Proceedings of the IEEE Conference on Computer Vision and Pattern Recognition},
  pages={4690--4699},
  year={2019}
}

@inproceedings{chen2018lip,
  title={Lip movements generation at a glance},
  author={Chen, Lele and Li, Zhiheng and K Maddox, Ross and Duan, Zhiyao and Xu, Chenliang},
  booktitle={Proceedings of the European Conference on Computer Vision (ECCV)},
  pages={520--535},
  year={2018}
}

@inproceedings{wiles2018x2face,
  title={X2face: A network for controlling face generation using images, audio, and pose codes},
  author={Wiles, Olivia and Sophia Koepke, A and Zisserman, Andrew},
  booktitle={Proceedings of the European Conference on Computer Vision (ECCV)},
  pages={670--686},
  year={2018}
}
@InProceedings{chung2017you,
  author       = "Chung, J.~S. and Jamaludin, A. and Zisserman, A.",
  title        = "You said that?",
  booktitle    = "British Machine Vision Conference",
  year         = "2017"
}
@article{wang2019few,
  title={Few-shot video-to-video synthesis},
  author={Wang, Ting-Chun and Liu, Ming-Yu and Tao, Andrew and Liu, Guilin and Kautz, Jan and Catanzaro, Bryan},
  journal={arXiv preprint arXiv:1910.12713},
  year={2019}
}
@inproceedings{zhou2019talking,
  title={Talking face generation by adversarially disentangled audio-visual representation},
  author={Zhou, Hang and Liu, Yu and Liu, Ziwei and Luo, Ping and Wang, Xiaogang},
  booktitle={Proceedings of the AAAI Conference on Artificial Intelligence},
  volume={33},
  pages={9299--9306},
  year={2019}
}

@article{bansal2019affine,
  title={Affine interpolation in a lie group framework},
  author={Bansal, Sumukh and Tatu, Aditya},
  journal={ACM Transactions on Graphics (TOG)},
  volume={38},
  number={4},
  pages={71},
  year={2019},
  publisher={ACM}
}

@article{mirza2014conditional,
  title={Conditional generative adversarial nets},
  author={Mirza, Mehdi and Osindero, Simon},
  journal={arXiv preprint arXiv:1411.1784},
  year={2014}
}

@inproceedings{goodfellow2014generative,
  title={Generative adversarial nets},
  author={Goodfellow, Ian and Pouget-Abadie, Jean and Mirza, Mehdi and Xu, Bing and Warde-Farley, David and Ozair, Sherjil and Courville, Aaron and Bengio, Yoshua},
  booktitle={Advances in neural information processing systems},
  pages={2672--2680},
  year={2014}
}

@inproceedings{walker2016uncertain,
  title={An uncertain future: Forecasting from static images using variational autoencoders},
  author={Walker, Jacob and Doersch, Carl and Gupta, Abhinav and Hebert, Martial},
  booktitle={European Conference on Computer Vision},
  pages={835--851},
  year={2016},
  organization={Springer}
}

@inproceedings{karras2019style,
  title={A style-based generator architecture for generative adversarial networks},
  author={Karras, Tero and Laine, Samuli and Aila, Timo},
  booktitle={Proceedings of the IEEE Conference on Computer Vision and Pattern Recognition},
  pages={4401--4410},
  year={2019}
}

@InProceedings{Xian_2018_CVPR,
author = {Xian, Wenqi and Sangkloy, Patsorn and Agrawal, Varun and Raj, Amit and Lu, Jingwan and Fang, Chen and Yu, Fisher and Hays, James},
title = {TextureGAN: Controlling Deep Image Synthesis With Texture Patches},
booktitle = {The IEEE Conference on Computer Vision and Pattern Recognition (CVPR)},
month = {June},
year = {2018}
}
@inproceedings{sangkloy2017scribbler,
  title={Scribbler: Controlling deep image synthesis with sketch and color},
  author={Sangkloy, Patsorn and Lu, Jingwan and Fang, Chen and Yu, Fisher and Hays, James},
  booktitle={Proceedings of the IEEE Conference on Computer Vision and Pattern Recognition},
  pages={5400--5409},
  year={2017}
}
@inproceedings{zhu2019dm,
  title={Dm-gan: Dynamic memory generative adversarial networks for text-to-image synthesis},
  author={Zhu, Minfeng and Pan, Pingbo and Chen, Wei and Yang, Yi},
  booktitle={Proceedings of the IEEE Conference on Computer Vision and Pattern Recognition},
  pages={5802--5810},
  year={2019}
}
@inproceedings{huang2019generative,
  title={Generative Dual Adversarial Network for Generalized Zero-shot Learning},
  author={Huang, He and Wang, Changhu and Yu, Philip S and Wang, Chang-Dong},
  booktitle={Proceedings of the IEEE Conference on Computer Vision and Pattern Recognition},
  pages={801--810},
  year={2019}
}

@inproceedings{garrido2015vdub,
  title={Vdub: Modifying face video of actors for plausible visual alignment to a dubbed audio track},
  author={Garrido, Pablo and Valgaerts, Levi and Sarmadi, Hamid and Steiner, Ingmar and Varanasi, Kiran and Perez, Patrick and Theobalt, Christian},
  booktitle={Computer graphics forum},
  volume={34},
  number={2},
  pages={193--204},
  year={2015},
  organization={Wiley Online Library}
}

@inproceedings{fan2015photo,
  title={Photo-real talking head with deep bidirectional LSTM},
  author={Fan, Bo and Wang, Lijuan and Soong, Frank K and Xie, Lei},
  booktitle={2015 IEEE International Conference on Acoustics, Speech and Signal Processing (ICASSP)},
  pages={4884--4888},
  year={2015},
  organization={IEEE}
}
@inproceedings{bregler1997video,
  title={Video Rewrite: driving visual speech with audio.},
  author={Bregler, Christoph and Covell, Michele and Slaney, Malcolm},
  booktitle={Siggraph},
  volume={97},
  pages={353--360},
  year={1997}
}
@inproceedings{chang2005transferable,
  title={Transferable videorealistic speech animation},
  author={Chang, Yao-Jen and Ezzat, Tony},
  booktitle={Proceedings of the 2005 ACM SIGGRAPH/Eurographics symposium on Computer animation},
  pages={143--151},
  year={2005},
  organization={ACM}
}
@inproceedings{liu2011realistic,
  title={Realistic facial expression synthesis for an image-based talking head},
  author={Liu, Kang and Ostermann, Joern},
  booktitle={2011 IEEE International Conference on Multimedia and Expo},
  pages={1--6},
  year={2011},
  organization={IEEE}
}
@article{suwajanakorn2017synthesizing,
  title={Synthesizing obama: learning lip sync from audio},
  author={Suwajanakorn, Supasorn and Seitz, Steven M and Kemelmacher-Shlizerman, Ira},
  journal={ACM Transactions on Graphics (TOG)},
  volume={36},
  number={4},
  pages={95},
  year={2017},
  publisher={ACM}
}

@inproceedings{mattheyses2010optimized,
  title={Optimized photorealistic audiovisual speech synthesis using active appearance modeling},
  author={Mattheyses, Wesley and Latacz, Lukas and Verhelst, Werner},
  booktitle={Auditory-Visual Speech Processing 2010},
  year={2010}
}
@article{Fried19,
 author = {Fried, Ohad and Tewari, Ayush and Zollh\"{o}fer, Michael and Finkelstein, Adam and Shechtman, Eli and Goldman, Dan B and Genova, Kyle and Jin, Zeyu and Theobalt, Christian and Agrawala, Maneesh},
 title = {Text-based Editing of Talking-head Video},
 journal = {ACM Trans. Graph.},
 issue_date = {July 2019},
 volume = {38},
 number = {4},
 month = jul,
 year = {2019},
 issn = {0730-0301},
 pages = {68:1--68:14},
 articleno = {68},
 numpages = {14},
 url = {http://doi.acm.org/10.1145/3306346.3323028},
 doi = {10.1145/3306346.3323028},
 acmid = {3323028},
 publisher = {ACM},
 address = {New York, NY, USA},
} 

@InProceedings{Afouras18d,
  author       = "Afouras, T. and Chung, J.~S. and Zisserman, A.",
  title        = "LRS3-TED: a large-scale dataset for visual speech recognition",
  booktitle    = "arXiv preprint arXiv:1809.00496",
  year         = "2018",
}

@inproceedings{vondrick2016generating,
  title={Generating videos with scene dynamics},
  author={Vondrick, Carl and Pirsiavash, Hamed and Torralba, Antonio},
  booktitle={Advances In Neural Information Processing Systems},
  pages={613--621},
  year={2016}
}
@inproceedings{wang2018vid2vid,
   author    = {Ting-Chun Wang and Ming-Yu Liu and Jun-Yan Zhu and Guilin Liu and Andrew Tao and Jan Kautz and Bryan Catanzaro},
   title     = {Video-to-Video Synthesis},
   booktitle = {Advances in Neural Information Processing Systems (NeurIPS)},   
   year      = {2018},
}
@inproceedings{park2019semantic,
  title={Semantic image synthesis with spatially-adaptive normalization},
  author={Park, Taesung and Liu, Ming-Yu and Wang, Ting-Chun and Zhu, Jun-Yan},
  booktitle={Proceedings of the IEEE Conference on Computer Vision and Pattern Recognition},
  pages={2337--2346},
  year={2019}
}
@article{pumarola2019ganimation,
  title={GANimation: One-shot anatomically consistent facial animation},
  author={Pumarola, Albert and Agudo, Antonio and Martinez, Aleix M and Sanfeliu, Alberto and Moreno-Noguer, Francesc},
  journal={International Journal of Computer Vision},
  pages={1--16},
  year={2019},
  publisher={Springer}
}

@InProceedings{ginosar2019gestures,
  author={S. Ginosar and A. Bar and G. Kohavi and C. Chan and A. Owens and J. Malik},
  title = {Learning Individual Styles of Conversational Gesture},
  booktitle = {Computer Vision and Pattern Recognition (CVPR)},
  publisher = {IEEE},
  year={2019}
}

@article{cassell1999speech,
  title={Speech-gesture mismatches: Evidence for one underlying representation of linguistic and nonlinguistic information},
  author={Cassell, Justine and McNeill, David and McCullough, Karl-Erik},
  journal={Pragmatics \& cognition},
  volume={7},
  number={1},
  pages={1--34},
  year={1999},
  publisher={John Benjamins}
}

@InProceedings{zakharov2019few,
author = {Zakharov, Egor and Shysheya, Aliaksandra and Burkov, Egor and Lempitsky, Victor},
title = {Few-Shot Adversarial Learning of Realistic Neural Talking Head Models},
booktitle = {The IEEE International Conference on Computer Vision (ICCV)},
month = {October},
year = {2019}
}

@article{munhall2004visual,
  title={Visual prosody and speech intelligibility: Head movement improves auditory speech perception},
  author={Munhall, Kevin G and Jones, Jeffery A and Callan, Daniel E and Kuratate, Takaaki and Vatikiotis-Bateson, Eric},
  journal={Psychological science},
  volume={15},
  number={2},
  pages={133--137},
  year={2004},
  publisher={SAGE Publications Sage CA: Los Angeles, CA}
}

@inproceedings{VOCA2019,
  title = {Capture, Learning, and Synthesis of 3D Speaking Styles},
  author = {Cudeiro, Daniel and Bolkart, Timo and Laidlaw, Cassidy and Ranjan, Anurag and Black, Michael J.},
  booktitle = {Proceedings IEEE Conf. on Computer Vision and Pattern Recognition (CVPR)},
  month = jun,
  year = {2019},
  month_numeric = {6}
}

@inproceedings{garrido2015vdub,
  title={Vdub: Modifying face video of actors for plausible visual alignment to a dubbed audio track},
  author={Garrido, Pablo and Valgaerts, Levi and Sarmadi, Hamid and Steiner, Ingmar and Varanasi, Kiran and Perez, Patrick and Theobalt, Christian},
  booktitle={Computer graphics forum},
  volume={34},
  number={2},
  pages={193--204},
  year={2015},
  organization={Wiley Online Library}
}
@inproceedings{fan2015photo,
  title={Photo-real talking head with deep bidirectional LSTM},
  author={Fan, Bo and Wang, Lijuan and Soong, Frank K and Xie, Lei},
  booktitle={2015 IEEE International Conference on Acoustics, Speech and Signal Processing (ICASSP)},
  pages={4884--4888},
  year={2015},
  organization={IEEE}
}

@inproceedings{feng2018joint,
  title={Joint 3d face reconstruction and dense alignment with position map regression network},
  author={Feng, Yao and Wu, Fan and Shao, Xiaohu and Wang, Yanfeng and Zhou, Xi},
  booktitle={Proceedings of the European Conference on Computer Vision (ECCV)},
  pages={534--551},
  year={2018}
}
@inproceedings{liu2019few,
  title={Few-Shot Unsupervised Image-to-Image Translation},
  author={Ming-Yu Liu and Xun Huang and Arun Mallya and Tero Karras and Timo Aila and Jaakko Lehtinen and Jan Kautz},
  booktitle={IEEE International Conference on Computer Vision (ICCV)},
  year={2019}
}

@inproceedings{johnson2016perceptual,
  title={Perceptual losses for real-time style transfer and super-resolution},
  author={Johnson, Justin and Alahi, Alexandre and Fei-Fei, Li},
  booktitle={European conference on computer vision},
  pages={694--711},
  year={2016},
  organization={Springer}
}

@article{liu2019softras,
  title={Soft Rasterizer: A Differentiable Renderer for Image-based 3D Reasoning},
  author={Liu, Shichen and Li, Tianye and Chen, Weikai and Li, Hao},
  journal={The IEEE International Conference on Computer Vision (ICCV)},
  month = {Oct},
  year={2019}
}